@Book{lipschutz2009linear,
 author = {Lipschutz, Seymour},
 title = {Linear algebra},
 publisher = {McGraw-Hill},
 year = {2009},
 address = {New York},
 isbn = {978-0-07-154353-8}
 }

 @book{oppenheim1989discrete,
  title={Discrete-time Signal Processing},
  author={Oppenheim, A.V. and Schafer, R.W.},
  isbn={9780132162920},
  lccn={88025562},
  series={Prentice-Hall signal processing series},
  year={1989},
  publisher={Prentice Hall}
}

@misc{phpdocs,
title = "História do PHP",
author = {{PHP}},
note = {{Disponível em: <\url{https://www.php.net/manual/pt_BR/history.php.php}>. Acesso em: 05 de maio de 2022 }},
year = "2022"
}

@misc{lararepo,
title = "Laravel Repository",
author = {{Laravel}},
note = {{Disponível em: <\url{https://github.com/laravel/laravel}>. Acesso em: 14 de março de 2022 }},
year = "2022"
}

@misc{laradocs,
title = "Installation",
author = {{Laravel}},
note = {{Disponível em: <\url{https://laravel.com/docs/9.x}>. Acesso em: 14 de março de 2022 }},
year = "2022"
}

@misc{mariadbdocs,
title = "MariaDB Documentation",
author = {{MariaDB}},
note = {{Disponível em: <\url{https://mariadb.org/documentation/}>. Acesso em: 04 de janeiro de 2022 }},
year = "2022"
}

@misc{nginxdocs,
title = "What is NGINX?",
author = {{Nginx}},
note = {{Disponível em: <\url{https://www.nginx.com/resources/glossary/nginx/}>. Acesso em: 30 de maio de 2022 }},
year = "2022"
}

@misc{dockerdocs,
title = "Orientation and setup",
author = {{Docker}},
note = {{Disponível em: <\url{https://docs.docker.com/get-started/}>. Acesso em: 17 de maio de 2022 }},
year = "2022"
}

@misc{auditdocs,
title = "Introduction",
author = {{Laravel Auditing}},
note = {{Disponível em: <\url{https://laravel-auditing.com/docs/13.0/introduction}>. Acesso em: 20 de abril de 2022 }},
year = "2022"
}

@misc{w3techs,
title = "Usage statistics of PHP for websites",
author = {{W3Techs}},
note = {{Disponível em: <\url{https://w3techs.com/technologies/details/pl-php}>. Acesso em: 05 de maio de 2022 }},
year = "2022"

}

@misc{risg,
title = "Regulamento Interno e dos Serviços Gerais (R-1)",
author = {{Brasil. Exército}},
note = {{Disponível em: <\url{http://bdex.eb.mil.br/jspui/handle/123456789/164}>. Acesso em: 05 de maio de 2022 }},
year = "2003"

}





